@book{Ferguson.January2019,
 author = {Ferguson, Kevin and Pumperla, Max},
 year = {January 2019},
 title = {Deep Learning and the Game of Go},
 publisher = {{Manning Publications}}
}

@book{Heineman.October2008,
	author = {Heineman, George T. and Pollice, Gary and Selkow, Stanley},
	year = {October 2008},
	title = {Algorithms in a Nutshell},
	publisher = {{O'Reilly Media, Inc.}}
}